<collection xmlns="http://www.loc.gov/MARC21/slim">
<record>
  <leader>01064nam0a22002291i 450 </leader>
  <controlfield tag="001">IT\ICCU\CNCE\069868</controlfield>
  <controlfield tag="005">20070412000000.0</controlfield>
  <datafield tag="012" ind1=" " ind2=" ">
    <subfield code="a">,&amp;im r-o- na,&amp; m&apos;a- (C) 1576 (R)</subfield>
    <subfield code="2">fei</subfield>
  </datafield>
  <datafield tag="100" ind1=" " ind2=" ">
    <subfield code="a">20070312d1576        0itac0103    ba</subfield>
  </datafield>
  <datafield tag="101" ind1=" " ind2=" ">
    <subfield code="a">ITA</subfield>
  </datafield>
  <datafield tag="102" ind1=" " ind2=" ">
    <subfield code="a">IT</subfield>
  </datafield>
  <datafield tag="200" ind1="1" ind2=" ">
    <subfield code="a">Discorso dell&apos;eccellente dottor Manzini bolognese intorno alla consideratione del male contagioso</subfield>
  </datafield>
  <datafield tag="210" ind1=" " ind2=" ">
    <subfield code="a">In Venetia</subfield>
    <subfield code="d">1576</subfield>
  </datafield>
  <datafield tag="215" ind1=" " ind2=" ">
    <subfield code="a">\4! c.</subfield>
    <subfield code="d">4ʻ</subfield>
  </datafield>
  <datafield tag="620" ind1=" " ind2=" ">
    <subfield code="a">IT</subfield>
    <subfield code="d">Venezia</subfield>
  </datafield>
  <datafield tag="700" ind1=" " ind2="1">
    <subfield code="a">Manzini,</subfield>
    <subfield code="b">Gregorio</subfield>
    <subfield code="3">IT\ICCU\CNCA\009157</subfield>
  </datafield>
  <datafield tag="712" ind1="0" ind2="2">
    <subfield code="a">Tipografo non identificato</subfield>
    <subfield code="3">IT\ICCU\CNCT\003341</subfield>
    <subfield code="4">650</subfield>
  </datafield>
  <datafield tag="790" ind1=" " ind2="1">
    <subfield code="a">Manzinus,</subfield>
    <subfield code="b">Gregorius</subfield>
    <subfield code="3">IT\ICCU\CNCA\025847</subfield>
    <subfield code="z">Manzini, Gregorio</subfield>
  </datafield>
  <datafield tag="801" ind1=" " ind2="3">
    <subfield code="a">IT</subfield>
    <subfield code="b">ICCU</subfield>
    <subfield code="c">20201115</subfield>
  </datafield>
  <datafield tag="899" ind1=" " ind2=" ">
    <subfield code="a">Biblioteca Apostolica Vaticana. Citt ̉del Vaticano</subfield>
    <subfield code="1">EX0001</subfield>
    <subfield code="2">ZCV 01</subfield>
  </datafield>
  <datafield tag="899" ind1=" " ind2=" ">
    <subfield code="a">Biblioteca nazionale Marciana. Venezia</subfield>
    <subfield code="1">VE0049</subfield>
    <subfield code="2">VEA BM</subfield>
  </datafield>
  <datafield tag="921" ind1=" " ind2=" ">
    <subfield code="a">IT\ICCU\CNCM\000252</subfield>
    <subfield code="b">Donna sale su un albero di melograno per coglierne i frutti che getta ad un&apos;altra donna seduta ai piedi dell&apos;albero.</subfield>
    <subfield code="c">A102</subfield>
    <subfield code="c">V467</subfield>
    <subfield code="c">Z828</subfield>
    <subfield code="d">Dimensioni: 5 x 8,5</subfield>
    <subfield code="f">ALBERO</subfield>
    <subfield code="f">DONNA</subfield>
    <subfield code="f">FRUTTI</subfield>
    <subfield code="f">MELOGRANO</subfield>
    <subfield code="g">1539-1576</subfield>
  </datafield>
</record>
</collection>
